<record><leader>00000cas a2200000   4500</leader><controlfield tag="001">2227695</controlfield><controlfield tag="008">760615d18331834mauwr ne      0   a0eng  </controlfield><datafield ind1=" " ind2=" " tag="010"><subfield code="a">   57051065 </subfield></datafield><datafield ind1=" " ind2=" " tag="040"><subfield code="a">DLC</subfield><subfield code="b">eng</subfield><subfield code="c">KSU</subfield><subfield code="d">DLC</subfield><subfield code="d">NSD</subfield><subfield code="d">OCL</subfield><subfield code="d">NSD</subfield><subfield code="d">HUL</subfield><subfield code="d">CRL</subfield><subfield code="d">OCL</subfield><subfield code="d">ZCU</subfield><subfield code="d">GUA</subfield><subfield code="d">OCLCQ</subfield><subfield code="d">OCLCF</subfield><subfield code="d">DLC</subfield><subfield code="d">OCLCO</subfield><subfield code="d">OCLCA</subfield><subfield code="d">OCL</subfield></datafield><datafield ind1=" " ind2=" " tag="012"><subfield code="a">3</subfield><subfield code="j">0</subfield></datafield><datafield ind1=" " ind2=" " tag="019"><subfield code="a">5796104</subfield></datafield><datafield ind1="0" ind2=" " tag="022"><subfield code="a">0275-097X</subfield><subfield code="l">0275-097X</subfield><subfield code="2">1</subfield></datafield><datafield ind1=" " ind2=" " tag="042"><subfield code="a">pcc</subfield><subfield code="a">nsdp</subfield></datafield><datafield ind1=" " ind2=" " tag="043"><subfield code="a">n-us-ma</subfield></datafield><datafield ind1="0" ind2="0" tag="050"><subfield code="a">BX801</subfield><subfield code="b">.J4</subfield></datafield><datafield ind1=" " ind2=" " tag="082"><subfield code="a">282/.73</subfield></datafield><datafield ind1="0" ind2=" " tag="130"><subfield code="a">Jesuit, or, Catholic sentinel (Boston, Mass. : 1833)</subfield></datafield><datafield ind1="0" ind2=" " tag="210"><subfield code="a">Jesuit Cathol. sentin.</subfield><subfield code="b">(1833)</subfield></datafield><datafield ind1=" " ind2="4" tag="222"><subfield code="a">The Jesuit or Catholic sentinel</subfield><subfield code="b">(1833)</subfield></datafield><datafield ind1="1" ind2="4" tag="245"><subfield code="a">The Jesuit or Catholic sentinel.</subfield></datafield><datafield ind1=" " ind2=" " tag="260"><subfield code="a">Boston,</subfield><subfield code="b">H. L. Devereux [etc.]</subfield></datafield><datafield ind1=" " ind2=" " tag="300"><subfield code="a">2 v.</subfield><subfield code="c">33-42 cm.</subfield></datafield><datafield ind1=" " ind2=" " tag="310"><subfield code="a">Weekly</subfield></datafield><datafield ind1="0" ind2=" " tag="362"><subfield code="a">v. 4-5; Jan. 5, 1833-Dec. 27, 1834.</subfield></datafield><datafield ind1=" " ind2=" " tag="530"><subfield code="a">Also issued online and on microfilm from Spaulding Co., Inc. Graphic Microfilm Division, Stoughton, Mass..</subfield></datafield><datafield ind1="2" ind2="0" tag="610"><subfield code="a">Catholic Church</subfield><subfield code="v">Newspapers.</subfield></datafield><datafield ind1="2" ind2="7" tag="610"><subfield code="a">Catholic Church.</subfield><subfield code="2">fast</subfield><subfield code="0">(OCoLC)fst00531720</subfield></datafield><datafield ind1=" " ind2="7" tag="655"><subfield code="a">Newspapers.</subfield><subfield code="2">fast</subfield><subfield code="0">(OCoLC)fst01423814</subfield></datafield><datafield ind1="1" ind2=" " tag="776"><subfield code="t">Jesuit, or, Catholic sentinel (Boston, Mass. : 1833 : Online)</subfield><subfield code="x">2378-3737</subfield><subfield code="w">(DLC)  2006255343</subfield><subfield code="w">(OCoLC)61523377</subfield></datafield><datafield ind1="0" ind2="0" tag="780"><subfield code="t">United States Catholic intelligencer</subfield><subfield code="x">0278-4637</subfield><subfield code="w">(DLC)ca 20000239</subfield><subfield code="w">(OCoLC)5796170</subfield></datafield><datafield ind1="0" ind2="0" tag="785"><subfield code="t">Literary and Catholic sentinel</subfield><subfield code="x">0275-0961</subfield><subfield code="w">(DLC)sf 80000787</subfield><subfield code="w">(OCoLC)5796221</subfield></datafield><datafield ind1="4" ind2="1" tag="856"><subfield code="u">http://proquest.umi.com/pqdweb?RQT=318&amp;VName=HNP&amp;pmid=41705</subfield></datafield><datafield ind1="4" ind2="1" tag="856"><subfield code="u">http://newspapers.bc.edu/cgi-bin/bostonsh?a=cl&amp;cl=CL1&amp;sp=jcsthree&amp;e=-------en-20--1--txt-txIN-------</subfield></datafield><datafield ind1=" " ind2=" " tag="936"><subfield code="a">Unknown</subfield><subfield code="a">Dec. 27, 1834 (surrogate)</subfield></datafield><datafield ind1="1" ind2=" " tag="029"><subfield code="a">AU@</subfield><subfield code="b">000040823958</subfield></datafield></record>